//=============================Quadro========================================================================================================================

@article{quadro1,
	author = {Castillo P.{,} Dzul A.{,} Lozano R.},
	title = {Real-time Stabilization and Tracking of a Four Rotor Mini-Rotorcraft},
	journal = {IEEE Transactions on Control Systems Technology},
	year = {2003} 
}

@phdthesis{quadro2,
	author = {Bouabdallah S.},
	title = {Design and control of quadrotors with application to autonomous flying},
	school = {Ecole Polytechnique Federale de Lausanne},
	year = {2007}
}

@article{quadro3,
	author = {Bouabdallah S.{,} Murrieri P.{,} Siegwart R.},
	title = {Design and Control of an Indoor Micro Quadrotor},
	journal = {International Conference on Robotics and Automation},
	year = {2004},
}

@misc(quadro4,
	author = {Premerlani W.{,} Bizard P.},
	title = {Direction Cosine Matrix IMU: Theory},
	year = {2009}
}

@misc{quadro5,
	author = {Hehn M.{,} D’Andrea R.},
	title = {Quadrocopter Trajectory Generation and Control},
	note = {Institute for Dynamic Systems and Control}
}

@article{quadro6,
	author = {Wei Dong{,} Guo-Ying Gu{,} Xiangyang Zhu{,} Han Ding},
	title = {Modeling and Control of a Quadrotor UAV with Aerodynamic Concepts},
	journal = {World Academy of Science, Engineering and Technology},
	year = {2013}
}

@techreport{quadro7,
	author = {Luukkonen T.},
	title = {Modelling and control of quadcopter},
	institution = {Aalto University},
	year = {2011},
}

@book{quadro8,
	author = {Carrillo G{,} L{\`o}pez D.{,} Lozano R.{,} P{\'e}gard C.},
	title = {Quad Rotorcraft Control: Vision-Based Hovering and Navigation},
	publisher = {Springer},
	year = {2013}
}

@misc{quadro9,
	author = {Santoro C.},
	title = {How does a Quadrotor fly?},
	howpublished = "\url{http://www.slideshare.net/corradosantoro/quadcopter-31045379}",

}

@techreport{quadro10,
	author = {Ali Reza Partovi},
	title = {Development of a Cross Style Quadrotor},
	institution = {NATIONAL UNIVERSITY OF SINGAPORE},
	year = {2012},
}

@incollection{quadro11,
	author = {Orsag M.{,} Bogdan S.},
	title = {Influence of Forward and Descent Flight on Quadrotor Dynamics},
	booktitle = {Recent Advances in Aircraft Technology},
	publisher = {InTech},
	year = {2012}
	
}

@misc{quadro12,
	howpublished = "\url{https://code.google.com/p/owenquad/}"
}

@misc{quadro13,
	howpublished = "\url{http://www.stm32.eu/node/293}"
}

@misc{quadro14,
	howpublished = "\url{http://ardupilot.com}"
}

@misc{quadro15,
	howpublished = "\url{http://diydrones.com/profiles/blogs/raspberry-pi-quadrotor-running-pengupilot-on-linux}"
}

@misc{quadro16,
	howpublished = "\url{http://owenson.me/build-your-own-quadcopter-autopilot}",
}

@misc{quadro17,
	title = {Servo control interface in detail},
	howpublished = "\url{https://www.pololu.com/blog/17/servo-control-interface-in-detail}",
}

@misc{quadro18,
	title = {Hobby servo fundamentals},
	howpublished = "\url{https://www.princeton.edu/~mae412/TEXT/NTRAK2002/292-302.pdf}",
}

@misc{quadro19,
	howpublished = "\url{http://www.endurance-rc.com/ppmtut.php}",
}





@misc{quadro20,
	howpublished = "\url{http://copter.ardupilot.com/wp-content/uploads/sites/2/2013/06/esc-motor-connect.jpg}"
}

@misc{quadro21,
	howpublished = "\url{http://fpvcentral.net/2013/03/high-performance-quadcopter-for-120-step-1-the-shopping-list}",
}

@misc{quadro22,
	howpublished = "\url{https://www.pinterest.com/pin/184858759674653805}"
}



//==========================================================================================================================








//==========================MEMS=======================================================================================================================

@misc{mems1,
	howpublished = "\url{http://www.eng.utah.edu/~gale/mems/Lecture%2001%20Introduction%20to%20MEMS.pdf}"
}

@misc{mems2,
	howpublished = "\url{http://www.ssl.umd.edu/projects/RangerNBV/thesis/2-4-1.htm}"
}

@article{mems3,
	author = {Marcin Karbowniczek},
	title = {{Układy MEMS}},
	journal = {Elektronika Praktyczna},
	year = {2012}
}

@techreport{mems4,
	author = {Trusov A.},
	title = {Overview of MEMS Gyroscopes: History, Principles of Operations, Types of Measurements},
	institution = {University of California},
	year = {2011},
}

@manual{mems5,
	author = {Pedley M.},
	title = {Tilt Sensing Using a Three-Axis Accelerometer},
	year = {2013},
	organization = {Freescale Semiconductor},
}

@manual{mems6,
	title = {Everything about STMicroelectronics 3-axis digital MEMS gyroscopes},
	year = {2011}, 
	organization = {ST Microelectronics},
}

@misc{mems7,
	howpublished = "\url{http://foxtrotalpha.jalopnik.com/this-rare-photo-shows-the-most-sensitive-part-of-a-comb-1627339307}"
}

@misc{mems8,
	howpublished = "\url{http://www.airspacemag.com/flight-today/how-things-work-ring-laser-gyros-32371541/?no-ist}"
}

@misc{mems9,
	howpublished = "\url{http://torahtimes.org/articles/starlight/Sagnac_interferometer.png}"
}

@misc{mems10,
	howpublished = "\url{http://www.dutchops.com/Portfolio_Marcel/Articles/Instruments/Gyroscopic_Instruments/Theory_Gyroscopes.htm}"
}

@misc{mems11,
	howpublished = "\url{https://en.wikipedia.org/wiki/Rotary_encoder}"
}

@mastersthesis{mems12,
	author = {Andrejasic M.},
	title = {MEMS Accelerometers},
	school = {University of Ljubljana},
	year = {2008},
}

@misc{mems13,
	howpublished = "\url{http://www.instrumentationtoday.com/mems-accelerometer/2011/08/}"
}

@misc{mems14,
	author = {Chollet F{,} Liu M.},
	title = {A (not so) short introduction to MEMS},
	howpublished = "\url{http://memscyclopedia.org/Document/IntroMEMS.pdf}",
}

@misc{mems15,
	howpublished = "\url{https://www.mems-exchange.org/images/about_mems/microactuator.png}"
}

@misc{mems16,
	howpublished = "\url{http://electronicdesign.com/components/miniature-mems-accelerometer-adds-motion-sensing-consumer-products}"
}


//============================Filters===================================================================================================================

@article{filters1,
	author = {Urdhwareshe R.{,} Bakshi M.{,} Naiknavare P.{,} Naik S.},
	title = {{Design and Implementation of IMU Sensor Fusion and PID Control in Quadrotor}},
	journal = {International Journal of Electronics and Communication},
	year = {2014}
}

@article{filters2,
	author = {Grygiel R.{,} Bieda R.{,} Wojciechowski K.},
	title = {Metody wyznaczania kątów z żyroskopów dla filtru komplementarnego na potrzeby określania orientacji IMU},
	journal = {Przegląd Elektrotechniczny},
	year = {2014},
}

@techreport{filters3,
	author = {Wnuk M.},
	title = {Filtracja komplementarna w inercyjnych czujnikach orientacji},
	institution = {Politechnika Wrocławska},
	year = {2014},
}

//=============================Datasheets===============================================================================================================

@misc{ds_atmega328p,
	howpublished = "\url{http://www.atmel.com/images/Atmel-8271-8-bit-AVR-Microcontroller-ATmega48A-48PA-88A-88PA-168A-168PA-328-328P_datasheet_Complete.pdf}"
}

@misc{ds_attiny85,
	howpublished = "\url{http://www.atmel.com/Images/Atmel-2586-AVR-8-bit-Microcontroller-ATtiny25-ATtiny45-ATtiny85_Datasheet.pdf}"
}

@misc{ds_mpu6050,
	howpublished = "\url{http://43zrtwysvxb2gf29r5o0athu.wpengine.netdna-cdn.com/wp-content/uploads/2015/02/MPU-6000-Datasheet1.pdf}"

}

@misc{ds_mpu6050rm,
	howpublished = "\url{http://43zrtwysvxb2gf29r5o0athu.wpengine.netdna-cdn.com/wp-content/uploads/2015/02/MPU-6000-Register-Map1.pdf}"
}

@misc{ds_avrpid,
	title = {AVR221: Discrete PID controller},
	howpublished = "\url{http://www.atmel.com/images/doc2558.pdf}"
}

@misc{ds_ardupilot,
	howpublished = "\url{http://copter.ardupilot.com}"
}

@misc{ds_hc05,
	howpublished = "\url{http://www.robotshop.com/media/files/pdf/rb-ite-12-bluetooth_hc05.pdf}"
}

//=============================Pictures===================================================================================================================

//===================== C Programing

@book{prog1,
author = {Grębosz J.},
	title = {Symfonia C++},
	publisher = {Oficyna Kallimmach},
	year = {1999}

}










